@inproceedings{ThemeUML,
 author = {Baniassad, Elisa and Clarke, Siobhan},
 title = {Theme: An Approach for Aspect-Oriented Analysis and Design},
 booktitle = {ICSE '04: Proc. of the 26th International Conference on Software Engineering},
 year = {2004},
 isbn = {0-7695-2163-0},
 pages = {158--167},
 publisher = {IEEE Computer Society},
 address = {Washington, DC, USA},
 }

@INPROCEEDINGS{AOP,
    author = {Gregor Kiczales and John Lamping and Anurag Mendhekar and Chris Maeda and Cristina Lopes and Jean-marc Loingtier and John Irwin},
    title = {Aspect-oriented programming},
    booktitle = {ECOOP},
    year = {1997},
    booktitle = {Proc. of the European Conference on Object-Oriented Programming},
    pages = {220-242},
    volume = {1241}
    publisher = {SpringerVerlag}
}

@book{AspectJ_in_Action,
 author = {Laddad, Ramnivas},
 title = {AspectJ in Action: Enterprise AOP with Spring Applications},
 year = {2009},
 isbn = {1933988053, 9781933988054},
 publisher = {Manning Publications Co.},
 address = {Greenwich, CT, USA},
 }

@inBook{11thAOM,
 booktitle = {Models in Software Engineering},
 title = {11th International Workshop on Aspect-Oriented Modeling},
 author = {Jörg Kienzle and Jeff Gray and Dominik Stein and Walter Cazzola and Omar Aldawud and Tzilla Elrad},
 year = {2008},
 publisher = {Springer},
 address = {Berlin / Heidelberg, Germany},
}

@inBook{14thAOM,
 booktitle = {Models in Software Engineering},
 title = {Report of the 14th International Workshop on Aspect-Oriented Modeling},
 author = {Jörg Kienzle and Jeff Gray and Dominik Stein and Thomas Cottenier and Walter Cazzola and Omar Aldawud},
 year = {2010},
 publisher = {Springer},
 address = {Berlin / Heidelberg, Germany},
}
    
@inproceedings{Reusable_Model_Slices,
 author = {J. Barreiros and A. Moreira},
 title = {Reusable Model Slices},
 booktitle = {Proc. of the 14th Int. Workshop on Aspect-Oriented Modeling},
 year = {2009},
 address = {Denver, CO, USA},
 }

@inBook{AoURN,
 booktitle = {Models in Software Engineering},
 title = {Aspect-Oriented User Requirements Notation: Aspects in Goal and Scenario Models},
 author = {Gunter Mussbacher},
 year = {2008},
 pages = {305-316},
 publisher = {Springer},
 address = {Berlin / Heidelberg, Germany},
}

@inproceedings{Overview_AspectJ,
 author = {Gregor Kiczales and Erik Hilsdale and Jim Hugunin and Mik Kersten and Jeffrey Palm and William G. Griswold},
 title = {An Overview of AspectJ},
 booktitle = {ECOOP 2001 — Object-Oriented Programming},
 series = {Lecture Notes in Computer Science},
 year = {2001},
 pages = {327--354},
 publisher = {Springer},
 address = {Berlin / Heidelberg, Germany},
 }	

@inproceedings{Reusable_Aspect_Models,
 author = {Jacques Klein and Jörg Kienzle},
 title = {Reusable Aspect Models},
 booktitle = {Proc. of the 11th Int. Workshop on Aspect-Oriented Modeling},
 year = {2007},
 address = {Nashville, TN, USA},
 }

@inproceedings{AOMVM,
 author = {Kienzle, J\"{o}rg and Al Abed, Wisam and Klein, Jacques},
 title = {Aspect-oriented multi-view modeling},
 booktitle = {AOSD '09: Proc. of the 8th ACM international conference on Aspect-oriented software development},
 year = {2009},
 isbn = {978-1-60558-442-3},
 pages = {87--98},
 location = {Charlottesville, Virginia, USA},
 doi = {http://doi.acm.org/10.1145/1509239.1509252},
 publisher = {ACM},
 address = {New York, NY, USA},
 }

@inbook{AspectOPTIMA,
 booktitle = {Transactions on Aspect-Oriented Software Development V},
 title = {AspectOptima: A Case Study on Aspect Dependencies and Interactions},
 author = {Jörg Kienzle and Ekwa Duala-Ekoko and Samuel Gélineau},
 year = {2009},
 pages = {187-234},
 publisher = {Springer},
 address = {Berlin / Heidelberg, Germany},
}

@PhdThesis{OMTT,
 author = {J\"{o}rg Kienzle},
 title = {Open Multithreaded Transactions: A Transaction Model for Concurrent Object-Oriented Programming},
 school = {Ecole Polytechnique Fédérale de Lausanne},
 year = {2001},
}

@article{OMTTKTEUC,
author = {J\"{o}rg Kienzle and Alfred Strohmeier and Alexander Romanovsky},
title = {Open Multithreaded Transactions: Keeping Threads and Exceptions under Control},
journal ={Object-Oriented Real-Time Dependable Systems, IEEE International Workshop on},
volume = {0},
issn = {1530-1443},
year = {2001},
pages = {197},
publisher = {IEEE Computer Society},
address = {Los Alamitos, CA, USA},
}

@mastersthesis{Aspectual_Decomposition,
 author = {Güven Bölükbası},
 title = {Aspectual Decomposition of Transactions},
 year = {2007},
 school = {McGill University},
 address = {Montr\'eal, Qu\'ebec, Canada},
 }

@article{ACID,
 author = {Haerder, Theo and Reuter, Andreas},
 title = {Principles of transaction-oriented database recovery},
 journal = {ACM Comput. Surv.},
 volume = {15},
 number = {4},
 year = {1983},
 issn = {0360-0300},
 pages = {287--317},
 doi = {http://doi.acm.org/10.1145/289.291},
 publisher = {ACM},
 address = {New York, NY, USA},
 }


@article{HistTransManag,
 author = {Ting Wang and Jochem Vonk and Benedikt Kratz and Paul Grefen},
 title = {A survey on the history of transaction management: from flat to grid transactions},
 journal = {Distributed and Parallel Databases},
 volume = {23},
 number = {3},
 year = {2008},
 pages = {235-270},
 publisher = {Springer Netherlands},
 }

@inBook{OMTTCORBA,
 booktitle = {On The Move to Meaningful Internet Systems 2003: CoopIS, DOA, and ODBASE},
 series = {Lecture Notes in Computer Science},
 volume = {2888/2003},
 title = {Porting OMTTs to CORBA},
 author = {Raul Silaghi and Alfred Strohmeier and Jörg Kienzle},
 year = {2003},
 pages = {1521-1542},
 publisher = {Springer},
 address = {Berlin / Heidelberg, Germany},
}

@article{CA,
  author = "Jie Xu and B. Randell and A. Romanovsky and C.M.F. Rubira and R.J. Stroud and Zhixue Wu",
  title = "Fault Tolerance in Concurrent Object-Oriented Software through Coordinated Error Recovery",
  journal = "Fault-Tolerant Computing, International Symposium on",
  volume = "0",
  isbn = "0-8186-7079-7",
  year = "1995",
  pages = "0499",
  doi = "http://doi.ieeecomputersociety.org/10.1109/FTCS.1995.466948",
  publisher = "IEEE Computer Society",
  address = "Los Alamitos, CA, USA"
}

@inBook{EJB,
 booktitle = {Scientific Engineering for Distributed Java Applications},
 series = {Lecture Notes in Computer Science},
 volume = {2604/2003},
 title = {Critical Evaluation of the EJB Transaction Model},
 author = {Raul Silaghi and Alfred Strohmeier},
 year = {2003},
 pages = {15-28},
 publisher = {Springer},
 address = {Berlin / Heidelberg, Germany},
}
  
@INPROCEEDINGS{CAM,
    author = {M. Rusinkiewicz and W. Klas and T. Tesch and J. Wäsch and P. Muth},
    title = {Towards a Cooperative Transaction Model - The Cooperative Activity Model -},
    booktitle = {Proc. of the 21st Int. Conference on Very Large Databases},
    year = {1995},
    pages = {194--205}
}
    
