
@inproceedings{Kienzle2009,
 author = {Kienzle, J\"{o}rg and Al Abed, Wisam and Klein, Jacques},
 title = {Aspect-oriented Multi-view Modeling},
 booktitle = {Proceedings of the 8th ACM International Conference on Aspect-oriented Software Development},
 series = {AOSD '09},
 year = {2009},
 isbn = {978-1-60558-442-3},
 location = {Charlottesville, Virginia, USA},
 pages = {87--98},
 numpages = {12},
 url = {http://doi.acm.org/10.1145/1509239.1509252},
 doi = {10.1145/1509239.1509252},
 acmid = {1509252},
 publisher = {ACM},
 address = {New York, NY, USA},
 keywords = {aspect dependencies, aspect-oriented modeling, binding, class diagram, instantiation, sequence diagram, state diagram},
}

@MISC{Kienzle2010,
    author = {Jörg Kienzle and Wisam Al Abed and Franck Fleurey and Jean-marc Jézéquel and Jacques Klein},
    title = {Aspect-Oriented Design with Reusable Aspect Models},
    year = {2010}
}

@INPROCEEDINGS{France2004,
    author = {R. France and I. Ray and G. Georg and S. Ghosh},
    title = {Aspect-oriented approach to early design modelling},
    booktitle = {IEE Proceedings - Software},
    year = {2004},
    pages = {173--185}
}

@incollection{Reddy2006,
 author = {Reddy, Y. R. and Ghosh, S. and France, R. B. and Straw, G. and Bieman, J. M. and McEachen, N. and Song, E. and Georg, G.},
 chapter = {Directives for Composing Aspect-oriented Design Class Models},
 title = {Transactions on Aspect-Oriented Software Development I},
 editor = {Rashid, Awais and Aksit, Mehmet},
 year = {2006},
 isbn = {3-540-32972-2, 978-3-540-32972-5},
 pages = {75--105},
 numpages = {31},
 url = {http://dl.acm.org/citation.cfm?id=2168342.2168345},
 acmid = {2168345},
 publisher = {Springer-Verlag},
 address = {Berlin, Heidelberg},
 keywords = {EMOF, KerMeta, UML, aspect-oriented modeling, composition directives, metamodel, signature},
}

@book{Laddad2009,
 author = {Laddad, Ramnivas},
 title = {AspectJ in Action: Enterprise AOP with Spring Applications},
 year = {2009},
 isbn = {1933988053, 9781933988054},
 edition = {2nd},
 publisher = {Manning Publications Co.},
 address = {Greenwich, CT, USA},
}

@article{vanDeursen2000,
 author = {van Deursen, Arie and Klint, Paul and Visser, Joost},
 title = {Domain-specific Languages: An Annotated Bibliography},
 journal = {SIGPLAN Not.},
 issue_date = {June 2000},
 volume = {35},
 number = {6},
 month = jun,
 year = {2000},
 issn = {0362-1340},
 pages = {26--36},
 numpages = {11},
 url = {http://doi.acm.org/10.1145/352029.352035},
 doi = {10.1145/352029.352035},
 acmid = {352035},
 publisher = {ACM},
 address = {New York, NY, USA},
} 

@book{Fowler2010,
 author = {Fowler, Martin},
 title = {Domain Specific Languages},
 year = {2010},
 isbn = {0321712943, 9780321712943},
 edition = {1st},
 publisher = {Addison-Wesley Professional},
} 

@book{Brambilla2012,
  added-at = {2012-11-11T00:00:00.000+0100},
  author = {Brambilla, Marco and Cabot, Jordi and Wimmer, Manuel},
  biburl = {http://www.bibsonomy.org/bibtex/2767c1c91865855ff77b8cf0b8fb72900/dblp},
  ee = {http://dx.doi.org/10.2200/S00441ED1V01Y201208SWE001},
  interhash = {4459cf53e67513893efccacd17dc6e82},
  intrahash = {767c1c91865855ff77b8cf0b8fb72900},
  keywords = {dblp},
  publisher = {Morgan & Claypool Publishers},
  series = {Synthesis Lectures on Software Engineering},
  timestamp = {2012-11-11T00:00:00.000+0100},
  title = {Model-Driven Software Engineering in Practice},
  url = {http://dx.doi.org/10.2200/S00441ED1V01Y201208SWE001},
  year = 2012
}

@misc{Graphiz,
    author={Graphiz},
    howpublished={\url{http://www.graphviz.org}},
    title={Graphviz - Graph Visualization Software}
}

@article{Schmidt2006,
    author = {Douglas C. Schmidt},
    title = {Model-Driven Engineering},
    journal = {IEEE Computer},
    volume = {39},
    number = {2},
    month = {February},
    year = {2006},
    abstract = {Model-driven engineering technologies offer a
              promising approach to address the inability of
              third-generation languages to alleviate the
              complexity of platforms and express domain
              concepts effectively.}
}

@book{Ghosh2010,
 author = {Ghosh, Debasish},
 title = {DSLs in Action},
 year = {2010},
 isbn = {9781935182450},
 edition = {1st},
 publisher = {Manning Publications Co.},
 address = {Greenwich, CT, USA},
} 

@book{Voelter2013,
  author    = {Markus Voelter and
               Sebastian Benz and
               Christian Dietrich and
               Birgit Engelmann and
               Mats Helander and
               Lennart C. L. Kats and
               Eelco Visser and
               Guido Wachsmuth},
  title     = {DSL Engineering - Designing, Implementing and Using Domain-Specific
               Languages},
  publisher = {dslbook.org},
  year      = {2013},
  isbn      = {978-1-4812-1858-0},
  pages     = {1-558},
  ee        = {http://www.dslbook.org},
  bibsource = {DBLP, http://dblp.uni-trier.de}
}

@book{Steinberg2009,
 author = {Steinberg, David and Budinsky, Frank and Paternostro, Marcelo and Merks, Ed},
 title = {EMF: Eclipse Modeling Framework 2.0},
 year = {2009},
 isbn = {0321331885},
 edition = {2nd},
 publisher = {Addison-Wesley Professional},
} 

@misc{Antlr,
    author={antlr},
    howpublished={\url{http://www.antlr.org}},
    title={ANTLR (ANother Tool for Language Recognition)}
}

@misc{Xtext,
    author={Xtext},
    howpublished={\url{http://www.eclipse.org/Xtext}},
    title={Xtext, framework for development of programming languages and domain specific languages}
}